% Encoding: UTF8

@Electronic{who-mhealth,
  Title                    = {mHealth: new horizons for health through mobile technologies: second global survey on eHealth},
  Author                   = {WHO Global Observatory for eHealth},
%   Note                     = {Acessado em 31/10/2018},
  Organization             = {World Health Organization},
%   Url                      = {www.ieeecss.org/main/IoCT-report},
  Year                     = {2011},
  Timestamp                = {2018.10.31}
}

% =================Exemplos============================

% @Article{AliA.Jalali2006,
%   Title                    = {A Survey on Robust Model Predictive Control from 1999-2006},
%   Author                   = {Ali A. Jalali, Vahid Nadimi},
%   Journal                  = {International Conference on Computational Intelligence for Modeling Control and Automation ,and
% International Conference on Intelligent Agents, Web Technologies and Internet Commerce, IEEE
% computer society},
%   Year                     = {2006},

%   Owner                    = {Sartori-Home},
%   Timestamp                = {2015.07.24}
% }

% @InProceedings{ansay,
%   Title                    = { {Model uncertainties in GPC: A systematic two-step design}},
%   Author                   = {P. Ansay and V. Wertz},
%   Booktitle                = {Proc. of the ECC 97},
%   Year                     = {1997},

%   Address                  = {Brussels},
%   Month                    = {July},

%   Owner                    = {Sartori},
%   Timestamp                = {2015.06.29}
% }

% @Book{Camacho2007,
%   Title                    = {Model Predictive Control},
%   Author                   = {Eduardo Camacho and Carlos Bordons},
%   Publisher                = {Spinger},
%   Year                     = {2007},
%   Edition                  = {2nd ed},

%   Owner                    = {Sartori},
%   Timestamp                = {2015.04.02}
% }

% @TechReport{Camponogar2006,
%   Title                    = {Métodos de Otimização': Teoria e Prática},
%   Author                   = {Eduardo Camponogara},
%   Institution              = {Universidade Federal de Santa Catarina},
%   Year                     = {2006},

%   Owner                    = {Sartori-Home},
%   Timestamp                = {2015.07.24}
% }

% @Book{Campos2003,
%   Title                    = {Controle Avançado e Otimização na Indústria do Petróleo},
%   Author                   = {Mario Campos and Marcos Gomes and José Perez},
%   Publisher                = {Editora Interciência},
%   Year                     = {2003},
%   Edition                  = {1},

%   Owner                    = {Sartori},
%   Timestamp                = {2015.04.02}
% }

% @Article{Campos2007,
%   Title                    = {Ganhos econômicos devidos à melhoria no controle de uma planta de processamento de gás natural},
%   Author                   = {Mario Campos and Vasconcellos and J. Neto and A. Souza},
%   Journal                  = {IV Congresso Rio Automação, IBP, Instituto Brasileiro de Petróleo},
%   Year                     = {2007},

%   Owner                    = {Sartori},
%   Timestamp                = {2015.04.02}
% }

% @Book{Findeisen2007,
%   Title                    = {{Assessment and Future Directions of Nonlinear Model Predictive Control}},
%   Author                   = {Findeisen, Rolf and Allg\"{o}wer, Frank and Biegler, Lorenz},
%   Year                     = {2007},
%   Volume                   = {358},

%   Doi                      = {10.1007/978-3-540-72699-9},
%   File                     = {:C$\backslash$:/Users/Sartori/Dropbox/PFC/Artigos/bok\%3A978-3-540-72699-9.pdf:pdf},
%   ISBN                     = {978-3-540-72698-2},
%   Owner                    = {Sartori},
%   Pages                    = {642},
%   Timestamp                = {2015.04.05},
%   Url                      = {http://link.springer.com/book/10.1007/978-3-540-72699-9$\backslash$nhttp://link.springer.com/10.1007/978-3-540-72699-9}
% }

% @PhdThesis{Flesch2012,
%   Title                    = {Contribuições ao Controle de Sistemas Monovariáveis e Multivariáveis com Atraso de Transporte},
%   Author                   = {Rodolgo Flesch},
%   School                   = {Universidade Federal de Santa Catarina},
%   Year                     = {2012},
%   Month                    = {Fevereiro},

%   Owner                    = {Sartori},
%   Timestamp                = {2015.04.02}
% }

% @TechReport{Gody2014,
%   Title                    = {Analysis and simulation of the Lp-dmc controller},
%   Author                   = {Jose Luiz Gody},
%   Institution              = {Universidade Federal de Santa Catarina},
%   Year                     = {2014},

%   Owner                    = {Sartori-Home},
%   Timestamp                = {2015.07.24}
% }

% @PhdThesis{Lim2015,
%   Title                    = {PREDICTOR-BASED ROBUST CONTROL OF DEAD-TIME PROCESSES},
%   Author                   = {Daniel Martins Lima},
%   School                   = {Universidade Federal de Santa Catarina},
%   Year                     = {2015},

%   Owner                    = {Sartori-Home},
%   Timestamp                = {2015.07.24}
% }

% @Electronic{matlab,
%   Address                  = {http://www.mathworks.com/products/matlab/index.html},
%   Author                   = {MathWorks},

%   Owner                    = {Sartori-Home},
%   Timestamp                = {2015.07.24}
% }

% @Misc{Soeterboek1992,
%   Title                    = {{Predictive Control}},

%   Author                   = {Soeterboek},
%   Year                     = {1992},

%   File                     = {:C$\backslash$:/Users/Sartori/Dropbox/PFC/Artigos/emc\_soeterboek\_19901122.PDF:PDF},
%   Owner                    = {Sartori},
%   Publisher                = {Prentice Hall},
%   Timestamp                = {2015.04.05}
% }
